@Electronic{ Wikipedia,
	title = "Wikipedia",
	abstract = "Mitica Wikipedia",
	url = "http://en.wikipedia.org"
}

@Article{ disulfide,
	title = "Structural Classification of Small, Disulfide-rich Protein Domains",
	journal = "Journal of Molecular Biology",
	volume = "359",
	number = "1",
	pages = "215--237",
	year = "2006",
	note = "",
	issn = "0022-2836",
	doi = "DOI: 10.1016/j.jmb.2006.03.017",
	url = "http://www.sciencedirect.com/science/article/B6WK7-4JKHJ25-1/2/7835a348f0bb7176817147eec9d29f8d",
	author = "Sara Cheek and S. Sri Krishna and Nick V. Grishin",
	keywords = "protein classification",
	keywords1 = "disulfides",
	keywords2 = "small proteins",
	keywords3 = "homology",
	keywords4 = "fold"
}

@Article{ aplusb,
	title = "Alpha plus beta folds revisited: some favoured motifs",
	journal = "Structure",
	volume = "1",
	number = "2",
	pages = "105--120",
	year = "1993",
	note = "",
	issn = "0969-2126",
	doi = "DOI: 10.1016/0969-2126(93)90026-D",
	url = "http://www.sciencedirect.com/science/article/B6VSR-4CT607K-D/2/955dc50bfbf0488e9f54052aa1580ba5",
	author = "Christine A Orengo and Janet M Thornton",
	keywords = "[alpha] + [beta] fold classification",
	keywords1 = "protein structure comparison"
}

@Electronic{ PDB,
	title = "Protein Data Bank",
	url = "http://www.pdb.org"
}

@Article{ electrointeract,
	title = "Close-Range Electrostatic Interactions in Proteins",
	author = "Sandeep Kumar and Ruth Nussinov",
	editor = "Weinheim Fed. Rep. of Germany {Â© 2002 WILEY-VCH Verlag GmbH}",
	journal = "ChemBioChem",
	pages = "604--617",
	volume = "3",
	number = "7",
	year = "2002",
	url = "http://dx.doi.org/10.1002/1439-7633(20020703)3:7<604::AID-CBIC604>3.0.CO;2-X",
	doi = "10.1002/1439-7633(20020703)3:7<604::AID-CBIC604>3.0.CO;2-X"
}

@Article{ richardsonbeta,
	title = "-Sheet topology and the relatedness of proteins$\beta$",
	author = "Jane S. Richardson",
	editor = "Nature",
	journal = "Nature",
	pages = "495--500",
	volume = "268",
	year = "1977",
	doi = "10.1038/268495a0"
}

