@Article{ 1984,
	title = "Validation study for the gas chromatographic-atmospheric pressure ionization-mass spectrometric method for the isomer-specific determination of 2,3,7,8-tetrachlorodibenzo-p-dioxin",
	volume = "13",
	number = "5-6",
	issn = "0045-6535",
	url = "http://www.sciencedirect.com/science/article/B6V74-487D9M3-V/2/56de829e962e0988e1961db4e05c48ec",
	author = "W.A. Korfmacher and G.F. Moler and R.R. Delongchamp and R.K. Mitchum and R.L. Harless",
	journal = "Chemosphere",
	pages = "669--685",
	year = "1984",
	RISfield_0_M3 = "doi: DOI: 10.1016/0045-6535(84)90203-0"
}

@Article{ 2010,
	author = "Yuka Watanabe-Ezoe and Xing Li and Tomoko Imasaka and Tomohiro Uchimura and Totaro Imasaka",
	title = "Gas Chromatography/Femtosecond Multiphoton Ionization/Time-of-Flight Mass Spectrometry of Dioxins",
	journal = "Analytical Chemistry",
	volume = "82",
	number = "15",
	pages = "6519--6525",
	year = "2010",
	doi = "10.1021/ac1009063",
	URL = "http://pubs.acs.org/doi/abs/10.1021/ac1009063",
	eprint = "http://pubs.acs.org/doi/pdf/10.1021/ac1009063"
}

