@article{fv-eccit,
	author = {Jean-Michel Nunzi},
	issn = {1631-0705},
	journal = {Comptes Rendus Physique},
	number = {4},
	pages = {523--542},
	risfield_0_m3 = {doi: DOI: 10.1016/S1631-0705(02)01335-X},
	title = {Organic photovoltaic materials and devices},
	url = {http://www.sciencedirect.com/science/article/B6X19-45TY4X8-1/2/ab9b80600a56a3219d5fdc78e7c126bd},
	volume = {3},
	year = {2002}
}

@article{conj-sint,
	author = {Yen-Ju Cheng and Sheng-Hsiung Yang and Chain-Shu Hsu},
	doi = {10.1021/cr900182s},
	eprint = {http://pubs.acs.org/doi/pdf/10.1021/cr900182s},
	journal = {Chemical Reviews},
	note = {PMID: 19785455},
	number = {11},
	pages = {5868--5923},
	title = {Synthesis of Conjugated Polymers for Organic Solar Cell Applications},
	url = {http://pubs.acs.org/doi/abs/10.1021/cr900182s},
	volume = {109},
	year = {2009}
}

@article{7,
	author = {Sam-Shajing Sun and Cheng Zhang and Abram Ledbetter and Soobum Choi and Kang Seo and Jr. Carl E. Bonner and Martin Drees and Niyazi Serdar Sariciftci},
	coden = {APPLAB},
	doi = {10.1063/1.2437100},
	eissn = {10773118},
	issn = {00036951},
	keywords = {polymer blends; conducting polymers; organic semiconductors; semiconductor devices; solar cells; photovoltaic effects; phase separation; self-assembly; excitons},
	number = {4},
	pages = {043117},
	publisher = {AIP},
	title = {Photovoltaic enhancement of organic solar cells by a bridged donor-acceptor block copolymer approach},
	url = {http://dx.doi.org/doi/10.1063/1.2437100},
	volume = {90},
	year = {2007}
}

@article{9,
	author = {K. Sivula and Z. T. Ball and N. Watanabe and J. M. J. Fr{\'e}chet},
	doi = {10.1002/adma.200501787},
	issn = {1521-4095},
	journal = {Advanced Materials},
	keywords = {Block copolymers; compatibilizers; Fullerenes; Polythiophenes; Solar cells; bulk-heterojunction},
	number = {2},
	pages = {206--210},
	publisher = {WILEY-VCH Verlag},
	title = {Amphiphilic Diblock Copolymer Compatibilizers and Their Effect on the Morphology and Performance of Polythiophene:Fullerene Solar Cells},
	url = {http://dx.doi.org/10.1002/adma.200501787},
	volume = {18},
	year = {2006}
}

@article{6,
	author = {Changduk Yang},
	doi = {10.1002/macp.201000080},
	issn = {1521-3935},
	journal = {Macromolecular Chemistry and Physics},
	keywords = {block copolymers; donor/spacer/acceptor copolymer; PDI; polycarbazoles; solar cell},
	number = {13},
	pages = {1446--1451},
	publisher = {WILEY-VCH Verlag},
	title = {Donor/Spacer/Acceptor Block Copolymer Containing Poly(2,7-carbazole) and Perylenetetracarboxydiimide Subunits},
	url = {http://dx.doi.org/10.1002/macp.201000080},
	volume = {211},
	year = {2010}
}

@article{2,
	author = {Ulf Stalmach and Bert de Boer and Christine Videlot and Paul F. van Hutten and Georges Hadziioannou},
	doi = {10.1021/ja000160a},
	eprint = {http://pubs.acs.org/doi/pdf/10.1021/ja000160a},
	journal = {Journal of the American Chemical Society},
	number = {23},
	pages = {5464--5472},
	title = {Semiconducting Diblock Copolymers Synthesized by Means of Controlled Radical Polymerization Techniques},
	url = {http://pubs.acs.org/doi/abs/10.1021/ja000160a},
	volume = {122},
	year = {2000}
}

@article{3,
	author = {Yi-Cang Lai and Kaoru Ohshimizu and Ayumi Takahashi and Jung-Ching Hsu and Tomoya Higashihara and Mitsuru Ueda and Wen-Chang Chen},
	doi = {10.1002/pola.24689},
	issn = {1099-0518},
	journal = {Journal of Polymer Science Part A: Polymer Chemistry},
	keywords = {block copolymers; compatibility; conjugated polymer; GRIM polymerization; photovoltaic cell},
	number = {12},
	pages = {2577--2587},
	publisher = {Wiley Subscription Services, Inc., A Wiley Company},
	title = {Synthesis of all-conjugated poly(3-hexylthiophene)-block- poly(3-(4'-(3' ',7' '-dimethyloctyloxy)-3'-pyridinyl)thiophene) and its blend for photovoltaic applications},
	url = {http://dx.doi.org/10.1002/pola.24689},
	volume = {49},
	year = {2011}
}

@incollection{10,
	affiliation = {Applied Functional Polymers, Department of Macromolecular Chemistry I, University of Bayreuth, Universit{\"a}tsstrasse 30, 95440 Bayreuth, Germany},
	author = {Michael Sommer and Sven Huettner and Mukundan Thelakkat},
	booktitle = {Complex Macromolecular Systems II},
	editor = {Axel H. E. M{\"u}ller and Hans-Werner Schmidt},
	isbn = {978-3-642-12911-7},
	keyword = {Physics and Astronomy},
	note = {10.1007/12\_2009\_34},
	pages = {123--153},
	publisher = {Springer Berlin / Heidelberg},
	series = {Advances in Polymer Science},
	title = {Donor--Acceptor Block Copolymers with Nanoscale Morphology for Photovoltaic Applications},
	url = {http://dx.doi.org/10.1007/12_2009_34},
	volume = {228},
	year = {2010}
}

@article{8,
	author = {Guoli Tu and Hongbo Li and Michael Forster and Ralf Heiderhoff and Ludwig Josef Balk and Ullrich Scherf},
	doi = {10.1021/ma060341i},
	eprint = {http://pubs.acs.org/doi/pdf/10.1021/ma060341i},
	journal = {Macromolecules},
	number = {13},
	pages = {4327--4331},
	title = {Conjugated Triblock Copolymers Containing Both Electron-Donor and Electron-Acceptor Blocks},
	url = {http://pubs.acs.org/doi/abs/10.1021/ma060341i},
	volume = {39},
	year = {2006}
}

@article{4,
	author = {Rafael Verduzco and Ioan Botiz and Deanna L. Pickel and S. Michael Kilbey and Kunlun Hong and Elaine Dimasi and Seth B. Darling},
	doi = {10.1021/ma102728z},
	eprint = {http://pubs.acs.org/doi/pdf/10.1021/ma102728z},
	journal = {Macromolecules},
	number = {3},
	pages = {530--539},
	title = {Polythiophene-block-polyfluorene and Polythiophene-block-poly(fluorene-co-benzothiadiazole): Insights into the Self-Assembly of All-Conjugated Block Copolymers},
	url = {http://pubs.acs.org/doi/abs/10.1021/ma102728z},
	volume = {44},
	year = {2011}
}

@article{1,
	author = {Ullrich Scherf and Andrea Gutacker and Nils Koenen},
	doi = {10.1021/ar7002539},
	eprint = {http://pubs.acs.org/doi/pdf/10.1021/ar7002539},
	journal = {Accounts of Chemical Research},
	note = {PMID: 18402471},
	number = {9},
	pages = {1086--1097},
	title = {All-Conjugated Block Copolymers},
	url = {http://pubs.acs.org/doi/abs/10.1021/ar7002539},
	volume = {41},
	year = {2008}
}

@article{5,
	author = {Daisuke Izuhara and Timothy M. Swager},
	doi = {10.1021/ma102566u},
	eprint = {http://pubs.acs.org/doi/pdf/10.1021/ma102566u},
	journal = {Macromolecules},
	number = {8},
	pages = {2678--2684},
	title = {Poly(3-hexylthiophene)-block-poly(pyridinium phenylene)s: Block Polymers of p- and n-Type Semiconductors},
	url = {http://pubs.acs.org/doi/abs/10.1021/ma102566u},
	volume = {44},
	year = {2011}
}

