@Article{ 2008,
	author = "Laura Antonella Aronica and Anna Maria Caporusso and Piero Salvadori",
	title = "Synthesis and Reactivity of Silylformylation Products Derived from Alkynes",
	journal = "European Journal of Organic Chemistry",
	volume = "2008",
	number = "18",
	publisher = "WILEY-VCH Verlag",
	issn = "1099-0690",
	url = "http://dx.doi.org/10.1002/ejoc.200701219",
	doi = "10.1002/ejoc.200701219",
	pages = "3039--3060",
	keywords = "Aldehydes, Alkynes, Carbonylation, Lactams, Rearrangement, Silanes",
	year = "2008"
}

@Article{ 2007,
	title = "Silylation-desilylation of propargyl amides: rapid synthesis of functionalised aldehydes and [beta]-lactams",
	journal = "Tetrahedron",
	volume = "63",
	number = "29",
	pages = "6843--6854",
	year = "2007",
	note = "",
	issn = "0040-4020",
	doi = "DOI: 10.1016/j.tet.2007.04.064",
	url = "http://www.sciencedirect.com/science/article/B6THR-4NK4G2H-C/2/57607e5cb60abaa1fb6d5aec6b43b98a",
	author = "Laura Antonella Aronica and Giulia Valentini and Anna Maria Caporusso and Piero Salvadori",
	keywords = "Silylformylation",
	keywords1 = "Silylcarbocyclisation",
	keywords2 = "Desilylation",
	keywords3 = "[alpha],[beta]-Unsaturated aldehydes",
	keywords4 = "[beta]-Lactams"
}

@Article{ 2010,
	title = "Synthesis of functionalised [beta]-lactones via silylcarbocyclisation/desilylation reactions of propargyl alcohols",
	journal = "Tetrahedron",
	volume = "66",
	number = "1",
	pages = "265--273",
	year = "2010",
	note = "",
	issn = "0040-4020",
	doi = "DOI: 10.1016/j.tet.2009.10.112",
	url = "http://www.sciencedirect.com/science/article/B6THR-4XKHD7W-9/2/0eb90753bab5a7de96a7678f388ceeab",
	author = "Laura Antonella Aronica and Caterina Mazzoni and Anna Maria Caporusso",
	keywords = "Lactones",
	keywords1 = "Silylformylation",
	keywords2 = "Silylcarbocyclisation",
	keywords3 = "Desilylation"
}

