@Article{ making,
	author = "Javier J. Concepcion and Jonah W. Jurss and M. Kyle Brennaman and Paul G. Hoertz and Antonio Ot{\'a}vio T. Patrocinio and Neyde Yukie {Murakami Iha} and Joseph L. Templeton and Thomas J. Meyer",
	title = "Making Oxygen with Ruthenium Complexes",
	journal = "Accounts of Chemical Research",
	volume = "42",
	number = "12",
	pages = "1954--1965",
	year = "2009",
	doi = "10.1021/ar9001526",
	note = "PMID: 19817345",
	URL = "http://pubs.acs.org/doi/abs/10.1021/ar9001526",
	eprint = "http://pubs.acs.org/doi/pdf/10.1021/ar9001526"
}

@Article{ tetra,
	author = "Andrea Sartorel and Pere Mir{\'o} and Enrico Salvadori and Sophie Romain and Mauro Carraro and Gianfranco Scorrano and Marilena Di Valentin and Antoni Llobet and Carles Bo and Marcella Bonchio",
	title = "Water Oxidation at a Tetraruthenate Core Stabilized by Polyoxometalate Ligands: Experimental and Computational Evidence To Trace the Competent Intermediates",
	journal = "Journal of the American Chemical Society",
	volume = "131",
	number = "44",
	pages = "16051--16053",
	year = "2009",
	doi = "10.1021/ja905067u",
	note = "PMID: 19842627",
	URL = "http://pubs.acs.org/doi/abs/10.1021/ja905067u",
	eprint = "http://pubs.acs.org/doi/pdf/10.1021/ja905067u"
}

@Article{ bvs,
	author = "Andrea Sartorel and Mauro Carraro and Gianfranco Scorrano and Rita De Zorzi and Silvano Geremia and Neal D. McDaniel and Stefan Bernhard and Marcella Bonchio",
	title = "Polyoxometalate Embedding of a Tetraruthenium(IV)-oxo-core by Template-Directed Metalation of [gamma-SiW10O36]8−: A Totally Inorganic Oxygen-Evolving Catalyst",
	journal = "Journal of the American Chemical Society",
	volume = "130",
	number = "15",
	pages = "5006--5007",
	year = "2008",
	doi = "10.1021/ja077837f",
	note = "PMID: 18345628",
	URL = "http://pubs.acs.org/doi/abs/10.1021/ja077837f",
	eprint = "http://pubs.acs.org/doi/pdf/10.1021/ja077837f"
}

@Article{ ps2,
	author = "James P. McEvoy and Gary W. Brudvig",
	title = "Water-Splitting Chemistry of Photosystem II",
	journal = "Chemical Reviews",
	volume = "106",
	number = "11",
	pages = "4455--4483",
	year = "2006",
	doi = "10.1021/cr0204294",
	URL = "http://pubs.acs.org/doi/abs/10.1021/cr0204294",
	eprint = "http://pubs.acs.org/doi/pdf/10.1021/cr0204294"
}

@Article{ radicali,
	title = "Biologically templated photocatalytic nanostructures for sustained light-driven water oxidation",
	volume = "5",
	number = "5",
	publisher = "Nature Publishing Group",
	issn = "1748-3387",
	DOI = "http://dx.doi.org/10.1038/nnano.2010.57",
	note = "10.1038/nnano.2010.57",
	author = "Yoon Sung Nam and Andrew P. Magyar and Daeyeon Lee and Jin-Woong Kim and Dong Soo Yun and Heechul Park and Thomas S. Pollom and David A. Weitz and Angela M. Belcher",
	journal = "Nat Nano",
	pages = "340--344",
	year = "2010",
	RISfield_0_M3 = "10.1038/nnano.2010.57",
	RISfield_1_L3 = "http://www.nature.com/nnano/journal/v5/n5/suppinfo/nnano.2010.57_S1.html"
}

@Article{ calcio,
	author = "G. Charles Dismukes and Robin Brimblecombe and Greg A. N. Felton and Ruslan S. Pryadun and John E. Sheats and Leone Spiccia and Gerhard F. Swiegers",
	title = "Development of Bioinspired Mn4O4−Cubane Water Oxidation Catalysts: Lessons from Photosynthesis",
	journal = "Accounts of Chemical Research",
	volume = "42",
	number = "12",
	pages = "1935--1943",
	year = "2009",
	doi = "10.1021/ar900249x",
	note = "PMID: 19908827",
	URL = "http://pubs.acs.org/doi/abs/10.1021/ar900249x",
	eprint = "http://pubs.acs.org/doi/pdf/10.1021/ar900249x"
}

@Article{ blue2,
	author = "Jonathan L. Cape and James K. Hurst",
	title = "Detection and Mechanistic Relevance of Transient Ligand Radicals Formed during [Ru(bpy)2(OH2)]2O4+-Catalyzed Water Oxidation",
	journal = "Journal of the American Chemical Society",
	volume = "130",
	number = "3",
	pages = "827--829",
	year = "2008",
	doi = "10.1021/ja077276s",
	URL = "http://pubs.acs.org/doi/abs/10.1021/ja077276s",
	eprint = "http://pubs.acs.org/doi/pdf/10.1021/ja077276s"
}

@Article{ reviewsintox,
	author = "Wolfgang Ruttinger and G. Charles Dismukes",
	title = "Synthetic Water-Oxidation Catalysts for Artificial Photosynthetic Water Oxidation†",
	journal = "Chemical Reviews",
	volume = "97",
	number = "1",
	pages = "1--24",
	year = "1997",
	doi = "10.1021/cr950201z",
	note = "PMID: 11848863",
	URL = "http://pubs.acs.org/doi/abs/10.1021/cr950201z",
	eprint = "http://pubs.acs.org/doi/pdf/10.1021/cr950201z"
}

@Article{ meccanismo,
	author = "Sophie Romain and Laura Vigara and Antoni Llobet",
	title = "Oxygen−Oxygen Bond Formation Pathways Promoted by Ruthenium Complexes",
	journal = "Accounts of Chemical Research",
	volume = "42",
	number = "12",
	pages = "1944--1953",
	year = "2009",
	doi = "10.1021/ar900240w",
	note = "PMID: 19908829",
	URL = "http://pubs.acs.org/doi/abs/10.1021/ar900240w",
	eprint = "http://pubs.acs.org/doi/pdf/10.1021/ar900240w"
}

@Article{ altrimolecolari,
	author = "Masayuki Yagi and Masao Kaneko",
	title = "Molecular Catalysts for Water Oxidation",
	journal = "Chemical Reviews",
	volume = "101",
	number = "1",
	pages = "21--36",
	year = "2001",
	doi = "10.1021/cr980108l",
	URL = "http://pubs.acs.org/doi/abs/10.1021/cr980108l",
	eprint = "http://pubs.acs.org/doi/pdf/10.1021/cr980108l"
}

@Article{ redoxrate,
	author = "Vincenzo Balzani and Alberto Juris and Margherita Venturi and Sebastiano Campagna and Scolastica Serroni",
	title = "Luminescent and Redox-Active Polynuclear Transition Metal Complexes†",
	journal = "Chemical Reviews",
	volume = "96",
	number = "2",
	pages = "759--834",
	year = "1996",
	doi = "10.1021/cr941154y",
	note = "PMID: 11848772",
	URL = "http://pubs.acs.org/doi/abs/10.1021/cr941154y",
	eprint = "http://pubs.acs.org/doi/pdf/10.1021/cr941154y"
}

@Article{ 2009fotos,
	title = "Photoinduced water oxidation sensitized by a tetranuclear Ru(ii) dendrimer",
	number = "45",
	publisher = "The Royal Society of Chemistry",
	issn = "1477-9226",
	DOI = "http://dx.doi.org/10.1039/B907257H",
	author = "Giuseppina {La Ganga} and Francesco Nastasi and Sebastiano Campagna and Fausto Puntoriero",
	journal = "Dalton Trans.",
	abstract = "A multimetallic ruthenium() dendrimer is used for the first time to photosensitize dioxygen production from water by IrO nanoparticles; the system is more efficient than an analogous system based on the more commonly used [Ru(bpy)]-type photosensitizers, in particular for the ability of the dendrimer to take advantage of the red portion of the solar spectrum.",
	pages = "9997--9999",
	year = "2009"
}

@Article{ 2010,
	title = "Photo-induced water oxidation with tetra-nuclear ruthenium sensitizer and catalyst: A unique 4 A- 4 ruthenium interplay triggering high efficiency with low-energy visible light",
	volume = "46",
	number = "26",
	publisher = "The Royal Society of Chemistry",
	issn = "1359-7345",
	DOI = "http://dx.doi.org/10.1039/C0CC00444H",
	author = "Fausto Puntoriero and Giuseppina {La Ganga} and Andrea Sartorel and Mauro Carraro and Gianfranco Scorrano and Marcella Bonchio and Sebastiano Campagna",
	journal = "Chem. Commun.",
	abstract = " The combined use of a tetranuclear Ru(ii)1) and of a tretraruthenium substituted polyoxotungstate (2) as the catalyst enables photo-induced water oxidation at 550 nm producing O2 with an outstanding quantum yield of 0.30. ",
	pages = "4725--4727",
	year = "2010"
}

@Article{ 1982,
	author = "Susan W. Gersten and George J. Samuels and Thomas J. Meyer",
	title = "Catalytic oxidation of water by an oxo-bridged ruthenium dimer",
	journal = "Journal of the American Chemical Society",
	volume = "104",
	number = "14",
	pages = "4029--4030",
	year = "1982",
	doi = "10.1021/ja00378a053",
	URL = "http://pubs.acs.org/doi/abs/10.1021/ja00378a053",
	eprint = "http://pubs.acs.org/doi/pdf/10.1021/ja00378a053"
}

@Article{ collobottiglia,
	author = "Richard Eisenberg and Harry B. Gray",
	title = "Preface on Making Oxygen",
	journal = "Inorganic Chemistry",
	volume = "47",
	number = "6",
	pages = "1697--1699",
	year = "2008",
	doi = "10.1021/ic800155g",
	note = "PMID: 18330963",
	URL = "http://pubs.acs.org/doi/abs/10.1021/ic800155g",
	eprint = "http://pubs.acs.org/doi/pdf/10.1021/ic800155g"
}

